<record><leader>00000cas a22000007a 4500</leader><controlfield tag="001">17882124</controlfield><controlfield tag="008">880502d19791984pauwr ne      0    0eng d</controlfield><datafield ind1=" " ind2=" " tag="010"><subfield code="a">sn 88080735 </subfield></datafield><datafield ind1=" " ind2=" " tag="040"><subfield code="a">NPH</subfield><subfield code="b">eng</subfield><subfield code="c">NPH</subfield><subfield code="d">OCLCQ</subfield></datafield><datafield ind1=" " ind2=" " tag="042"><subfield code="a">msc</subfield></datafield><datafield ind1="0" ind2=" " tag="130"><subfield code="a">Star (Monroeville, Pa.)</subfield></datafield><datafield ind1="1" ind2="4" tag="245"><subfield code="a">The star.</subfield></datafield><datafield ind1=" " ind2=" " tag="260"><subfield code="a">Monroeville, Pa. :</subfield><subfield code="b">Dardanell Publications,</subfield><subfield code="c">1979-1984.</subfield></datafield><datafield ind1=" " ind2=" " tag="300"><subfield code="a">6 v. :</subfield><subfield code="b">ill. ;</subfield><subfield code="c">57 cm.</subfield></datafield><datafield ind1=" " ind2=" " tag="310"><subfield code="a">Weekly</subfield></datafield><datafield ind1="0" ind2=" " tag="362"><subfield code="a">Vol. 8, no. 7 (Aug. 1, 1979)-v. 13, no. 17 (Oct. 3, 1984).</subfield></datafield><datafield ind1=" " ind2=" " tag="500"><subfield code="a">"Serving Murrysville, Export, Delmont and Penn Township."</subfield></datafield><datafield ind1=" " ind2=" " tag="752"><subfield code="a">United States</subfield><subfield code="b">Pennsylvania</subfield><subfield code="c">Allegheny</subfield><subfield code="d">Monroeville.</subfield></datafield><datafield ind1=" " ind2=" " tag="752"><subfield code="a">United States</subfield><subfield code="b">Pennsylvania</subfield><subfield code="c">Westmoreland</subfield><subfield code="d">Murrysville.</subfield></datafield><datafield ind1="0" ind2="0" tag="780"><subfield code="t">Westmoreland star</subfield><subfield code="w">(DLC)sn 88080729</subfield></datafield><datafield ind1="0" ind2="0" tag="785"><subfield code="t">Murrysville area star</subfield><subfield code="w">(DLC)sn 86081786</subfield></datafield></record>